@InBook{Garfield2010,
	author = {Simon GARFIELD},
	title = {Just My Type: A Book About Fonts},
	publisher = {Profile Books},
	address = {London},
	year = {2010},
	edition = {1},
	ISBN = {978-1846683015},
}

@InBook{Rybicka2003,
	author = {Jiří RYBIČKA},
	title = {LaTeX pro začátečníky},
	chapter = {Hladká sazba},
	publisher = {Konvoj},
	address = {Brno},
	year = {2003},
	edition = {3},
	ISBN = {80-7302-049-1},
}
@Misc{Bures2002,
	author = {Jiří BUREŠ},
    title = {Typografie},
    howpublished = {[online]},
    year = {rev. 2012},
    note = {[vid. 2019-04-14]},
    url = {http://www.converter.cz/prevody/typografie.htm},
  }

@Misc{Gorecka2012,
	author = {Lucie GÓRECKÁ},
	title = {Typografie},
	howpublished = {[online]},
	year = {rev. 20. únor 2012},
	note = {[vid. 2019-04-14]},
	url = {http://wiki.knihovna.cz/index.php/Typografie},
}

@Misc{Bannister2017,
	author = {Benjamin BANNISTER},
	title = {Why Typography Matters\,--\,Especially At The Oscars},
	howpublished = {[online]},
	year = {rev. 27. únor 2017},
	note = {[vid. 2019-04-12]},
	url = {https://medium.freecodecamp.org/why-typography-matters-especially-at-the-oscars-f7b00e202f22},
}

@MastersThesis{Sirucek2007,
    author = {Michal SIRŮČEK},
    title = {Pravidla české digitální typografie},
    school = {Vysoká škola ekonomická v Praze. Fakulta informatiky a statistiky. Katedra systémové analýzy},
    year = {2007},
    type = {Bakalářská práce}, 
}

@MastersThesis{Jiricek2012,
	author = {Milan JIŘÍČEK},
	title = {Živý font},
	school = {Vysoké učení technické v Brně. Fakulta elektrotechniky a komunikačních technologií. Ústav telekomunikací},
	year = {2012},
	type = {Diplomová práce},
}

@Article{Olsak2014,
	author = {Petr OLŠÁK},
	title = {TeX pro pragmatiky},
	journal = {Zpravodaj Československého sdružení uživatelů TeXu},
	volume = {24},
	number = {1\,--\,4},
	year = {2014},
	ISSN = {1211-6661},
}

@Article{Ling2006,
	author = {Jonathan LING and Paul VAN SCHAIK},
	title = {The influence of font type and line length on visual search and information retrieval in web pages},
	journal = {International Journal of Human-Computer Studies},
	volume = {64},
	number = {5},
	pages = {395\,--\,404},
	year = {2006},
	ISSN = {1071-5819},
}

@Article{Arditi2005,
	author = {Aries ARDITI and Jianna CHO},
	title = {Serifs and font legibility},
	journal = {Vision Research},
	volume = {45},
	number = {23},
	pages = {2926\,--\,2933},
	year = {2005},
	ISSN = {0042-6989},
}

@Article{Danna2018,
	author = {Jérémy DANNA and Delphine MASSENDARI and Benjamin FURNARI and Stéphanie DUCROT},
	title = {The optimal viewing position effect in printed versus cursive words: Evidence of a reading cost for the cursive font},
	journal = {Acta Psychologica},
	volume = {188},
	pages = {110\,--\,121},
	year = {2018},
	ISSN = {0001-6918},
}